@misc{volere20,
  author = {Robertson, James and Robertson, Suzanne},
  title = {Volere Requirements Specification Template Version 20},
  year = {2024},
  url = {https://www.volere.org},
  note = {Accessed: 2024-11-18}
}